<record><leader>00000cas a22000007a 4500</leader><controlfield tag="001">10028236</controlfield><controlfield tag="008">831018d18611872nyuwr ne      0    0eng d</controlfield><datafield ind1=" " ind2=" " tag="010"><subfield code="a">sn 83031559 </subfield></datafield><datafield ind1=" " ind2=" " tag="040"><subfield code="a">NPU</subfield><subfield code="b">eng</subfield><subfield code="c">NPU</subfield><subfield code="d">NPX</subfield><subfield code="d">NYS</subfield><subfield code="d">OCL</subfield><subfield code="d">OCLCQ</subfield><subfield code="d">OCLCF</subfield><subfield code="d">OCLCO</subfield></datafield><datafield ind1=" " ind2=" " tag="042"><subfield code="a">msc</subfield></datafield><datafield ind1=" " ind2=" " tag="043"><subfield code="a">n-us-ny</subfield></datafield><datafield ind1="0" ind2=" " tag="130"><subfield code="a">Mexico independent (Mexico, N.Y. : 1861)</subfield></datafield><datafield ind1="1" ind2="0" tag="245"><subfield code="a">Mexico independent.</subfield></datafield><datafield ind1=" " ind2=" " tag="260"><subfield code="a">Mexico, N.Y. :</subfield><subfield code="b">Humphries &amp; Scarritt,</subfield><subfield code="c">1861-1872.</subfield></datafield><datafield ind1=" " ind2=" " tag="300"><subfield code="a">11 v. ;</subfield><subfield code="c">61 cm.</subfield></datafield><datafield ind1=" " ind2=" " tag="310"><subfield code="a">Weekly</subfield></datafield><datafield ind1="0" ind2=" " tag="362"><subfield code="a">Vol. 1, no. 1 (Mar. 21, 1861)-v. 11, no. 38 (Sept. 25, 1872).</subfield></datafield><datafield ind1=" " ind2=" " tag="500"><subfield code="a">Editor: Henry Humphries, &lt;1863-1871&gt;.</subfield></datafield><datafield ind1=" " ind2=" " tag="500"><subfield code="a">Publishers: Henry Humphries &amp; James Madison Scarritt, 1861-&lt;1863&gt;; Henry Humphries, &lt;1866-1871&gt;.</subfield></datafield><datafield ind1=" " ind2=" " tag="500"><subfield code="a">"Devoted to literature, news of the day, and local affairs."</subfield></datafield><datafield ind1=" " ind2="0" tag="651"><subfield code="a">Mexico (N.Y.)</subfield><subfield code="v">Newspapers.</subfield></datafield><datafield ind1=" " ind2="0" tag="651"><subfield code="a">Oswego County (N.Y.)</subfield><subfield code="v">Newspapers.</subfield></datafield><datafield ind1=" " ind2="7" tag="655"><subfield code="a">Newspapers.</subfield><subfield code="2">fast</subfield><subfield code="0">(OCoLC)fst01423814</subfield></datafield><datafield ind1=" " ind2="7" tag="651"><subfield code="a">New York (State)</subfield><subfield code="z">Mexico.</subfield><subfield code="2">fast</subfield><subfield code="0">(OCoLC)fst01221623</subfield></datafield><datafield ind1=" " ind2="7" tag="651"><subfield code="a">New York (State)</subfield><subfield code="z">Oswego County.</subfield><subfield code="2">fast</subfield><subfield code="0">(OCoLC)fst01208853</subfield></datafield><datafield ind1=" " ind2=" " tag="752"><subfield code="a">United States</subfield><subfield code="b">New York</subfield><subfield code="c">Oswego</subfield><subfield code="d">Mexico.</subfield></datafield><datafield ind1="0" ind2="0" tag="785"><subfield code="t">Mexico independent and deaf-mutes' journal</subfield><subfield code="w">(DLC)sn 83031557</subfield><subfield code="w">(OCoLC)10028198</subfield></datafield></record>